;; This buffer is for notes you don't want to save, and for Lisp evaluation.
;; If you want to create a file, visit that file with C-x C-f,
;; then enter the text in that file's own buffer.

{ address
    author
    booktitle
    chapter
    edition
    editor
    howpublished
    institution
    journal
    key
    month
    note
    number
    organization
    pages
    publisher
    school
    series
    title
    type
    volume
    year
  }


@Incollection{buurman-west-2010,
  author = 	 {Buurman, Helena and West, Michael},
  title = 	 {Seismic precursors to volcanic explosions during the 2006 eruption of {A}ugustine {V}olcano},
  booktitle =      {The 2006 eruption of {A}ugustine {V}olcano, {A}laska: {U}.{S}. {G}eological {S}urvey {P}rofessional {P}aper 1769},
  chapter =   	 {2},
  editor = 	 {Power, J.A. and Coombs, M.L. and Freymueller, J.T.},
  year =            {2010}
}

@Article{trnkoczy-2002,
  author = 	 {Trnkoczy, Amadej},
  title = 	 {Understanding and parameter setting of {STA}/{LTA} trigger algorithm},
  journal = 	 {IASPEI New Manual of Seismological Observatory Practice},
  year = 	 {2002},
}
